@book{colombo2011,
  title={OECD Health Policy Studies Help Wanted? Providing and Paying for Long-Term Care: Providing and Paying for Long-Term Care},
  author={Colombo, Francesca and Llena-Nozal, Ana and Mercier, Jerome and Tjadens, Frits},
  volume={2011},
  year={2011},
  publisher={OECD Publishing}
}
@misc{chamberlain1950,
  title={77ie Theory of Monopolistic Competition},
  author={Chamberlain, EH},
  year={1950},
  publisher={Harvard}
}
@book{hotelling1929,
  title={Stability in competition},
  author={Hotelling, Harold},
  year={1929},
  publisher={Springer}
}
@article{malley2010,
  title={Measuring the quality of long-term care in England},
  author={Malley, Juliette},
  journal={Eurohealth},
  volume={16},
  number={2},
  pages={21-24},
  year={2010},
  publisher={European Observatory on Health Systems and Policies}
}
@article{forder2014,
  title={The impact of competition on quality and prices in the English care homes market},
  author={Forder, Julien and Allan, Stephen},
  journal={Journal of health economics},
  volume={34},
  pages={73--83},
  year={2014},
  publisher={Elsevier}
}
@article{netten2003,
  title={Nursing home closures: effects on capacity and reasons for closure},
  author={Netten, Ann and Darton, Robin and Williams, Jacquetta},
  journal={Age and Ageing},
  volume={32},
  number={3},
  pages={332--337},
  year={2003},
  publisher={Br Geriatrics Soc}
}
@article{gage2009,
  title={Why are some care homes better than others? An empirical study of the factors associated with quality of care for older people in residential homes in Surrey, England},
  author={Gage, Heather and Knibb, Wendy and Evans, Joanne and Williams, Peter and Rickman, Neil and Bryan, Karen},
  journal={Health \& social care in the community},
  volume={17},
  number={6},
  pages={599--609},
  year={2009},
  publisher={Wiley Online Library}
}
@article{brekke2006,
  title={Quality and location choices under price regulation},
  author={Brekke, Kurt R and Nuscheler, Robert and Rune Straume, Odd},
  journal={Journal of Economics \& Management Strategy},
  volume={15},
  number={1},
  pages={207--227},
  year={2006},
  publisher={Wiley Online Library}
}
@article{brekke2010,
  title={Price and quality in spatial competition},
  author={Brekke, Kurt R and Siciliani, Luigi and Straume, Odd Rune},
  journal={Regional Science and Urban Economics},
  volume={40},
  number={6},
  pages={471--480},
  year={2010},
  publisher={Elsevier}
}
@article{mazzeo2002,
  title={Product choice and oligopoly market structure},
  author={Mazzeo, Michael J},
  journal={RAND Journal of Economics},
  pages={221--242},
  year={2002},
  publisher={JSTOR}
}
@book{shy1995,
  title={Industrial organization: theory and applications},
  author={Shy, Oz},
  year={1995},
  publisher={MIT press}
}
@techreport{gaynor&town2011,
  title={Competition in health care markets},
  author={Gaynor, Martin and Town, Robert J},
  year={2011},
  institution={National Bureau of Economic Research}
}
@article{D'aspremont1979,
  title={On Hotelling's "Stability in competition"},
  author={d'Aspremont, Claude and Gabszewicz, J Jaskold and Thisse, J-F},
  journal={Econometrica: Journal of the Econometric Society},
  pages={1145--1150},
  year={1979},
  publisher={JSTOR}
}
@book{tirole1988,
  title={The theory of industrial organization},
  author={Tirole, Jean},
  year={1988},
  publisher={MIT press}
}
@article{salop1979,
  title={Monopolistic competition with outside goods},
  author={Salop, Steven C},
  journal={The Bell Journal of Economics},
  pages={141--156},
  year={1979},
  publisher={JSTOR}
}
@article{miller2014,
  title={Spatial differentiation and price discrimination in the cement industry: evidence from a structural model},
  author={Miller, Nathan H and Osborne, Matthew},
  journal={The RAND Journal of Economics},
  volume={45},
  number={2},
  pages={221--247},
  year={2014},
  publisher={Wiley Online Library}
}
@article{coibion2007,
  title={Equilibrium demand elasticities across quality segments},
  author={Coibion, Olivier and Einav, Liran and Hallak, Juan Carlos},
  journal={International Journal of Industrial Organization},
  volume={25},
  number={1},
  pages={13--30},
  year={2007},
  publisher={Elsevier}
}
@article{forder2011,
  title={Competition in the English nursing homes market},
  author={Forder, Julien and Allan, Stephen},
  journal={Personal Social Services Research Unit},
  year={2011},
  publisher={University of Kent, Canterbury}
}
@article{allan2012,
  title={Care Markets in England. Lessons from Research},
  author={Allan, Stephen and Forder, Julien},
  journal={Personal Social Services Research Unit},
  year={2012},
  publisher = {University of Kent, Canterbury}
}
@article{allan2015,
  title={The determinants of care home closure},
  author={Allan, Stephen and Forder, Julien},
  journal={Health economics},
  volume={24},
  number={S1},
  pages={132--145},
  year={2015},
  publisher={Wiley Online Library}
}
@article{mankiw1986,
  title={Free entry and social inefficiency},
  author={Mankiw, N Gregory and Whinston, Michael D},
  journal={The RAND Journal of Economics},
  pages={48--58},
  year={1986},
  publisher={JSTOR}
}
@article{bresnahan1990,
  title={Entry in monopoly market},
  author={Bresnahan, Timothy F and Reiss, Peter C},
  journal={The Review of Economic Studies},
  volume={57},
  number={4},
  pages={531--553},
  year={1990},
  publisher={Oxford University Press}
}
@article{bresnahan1991,
  title={Entry and competition in concentrated markets},
  author={Bresnahan, Timothy F and Reiss, Peter C},
  journal={Journal of Political Economy},
  pages={977--1009},
  year={1991},
  publisher={JSTOR}
}
@article{abraham2007,
  title={Entry and competition in hospital markets},
  author={Abraham, Jean and Gaynor, Martin and Vogt, William B},
  journal={The Journal of Industrial Economics},
  volume={55},
  number={2},
  pages={265--288},
  year={2007},
  publisher={Wiley Online Library}
}
@article{berry1992,
  title={Estimation of a Model of Entry in the Airline Industry},
  author={Berry, Steven T},
  journal={Econometrica: Journal of the Econometric Society},
  pages={889--917},
  year={1992},
  publisher={JSTOR}
}
@techreport{berry1996,
  title={Free entry and social inefficiency in radio broadcasting},
  author={Berry, Steven and Waldfogel, Joel},
  year={1996},
  institution={National Bureau of Economic Research}
}
@article{seim2006,
  title={An empirical model of firm entry with endogenous product-type choices},
  author={Seim, Katja},
  journal={The RAND Journal of Economics},
  volume={37},
  number={3},
  pages={619--640},
  year={2006},
  publisher={Wiley Online Library}
}
@article{jarrett2016,
  title={Social care: Recent funding agreements and state of care homes},
  author={Jarrett, Tim},
  year={2016},
  publisher={House of Commons Library}
}
@techreport{hancock2010,
  title={Buyer power and price discrimination: the case of the UK care homes market},
  author={Hancock, Ruth and Hviid, Morten},
  year={2010},
  institution={ISER Working Paper Series}
}
@book{colombo2011,
  title={OECD Health Policy Studies Help Wanted? Providing and Paying for Long-Term Care: Providing and Paying for Long-Term Care},
  author={Francesca, Colombo and Ana, Llena-Nozal and J{\'e}r{\^o}me, Mercier and Frits, Tjadens},
  volume={2011},
  year={2011},
  publisher={OECD Publishing}
}
@article{siciliani2013,
  title={The economics of long-term care},
  author={Siciliani, Luigi},
  journal={The BE Journal of Economic Analysis \& Policy},
  volume={14},
  number={2},
  pages={343--375},
  year={2013}
}
@book{fernandez2011,
  title={Long-term care},
  author={Fernandez, Jose-Luis and Forder, Julien and Knapp, Martin},
  year={2011},
  publisher={Oxford University Press}
}
@article{legrand2012,
  title={Delivering BritainÂ´s public services trhough "quasi- markets": what we have achieved so far?},
  author={Le Grand, Julian},
  journal={Research in Public Policy},
  year={2012},
  publisher={Centre for Market and Public Organisation, Bristol University}
}
@article{forder2011geographical,
  title={Geographical differences in the provision of care home services in England},
  author={Forder, Julien and Fern{\'a}ndez, Jos{\'e}-Luis},
  journal={Personal Social Services Research Unit},
  year={2011},
  publisher={University of Kent}
}
@article{geroski1995,
  title={What do we know about entry?},
  author={Geroski, Paul A},
  journal={International Journal of Industrial Organization},
  volume={13},
  number={4},
  pages={421--440},
  year={1995},
  publisher={Elsevier}
}
@article{dejardin2004,
  title={Sectoral and cross-sectoral effects of retailing firm demographies},
  author={Dejardin, Marcus},
  journal={The Annals of Regional Science},
  volume={38},
  number={2},
  pages={311--334},
  year={2004},
  publisher={Springer}
}
@article{debarsy2010,
  title={What do we know about spatial entry?},
  author={Debarsy, Nicolas and Dejardin, Marcus},
  journal = {Centre de recherches en economie regionale et politique 
  economique},
  year={2010},
  publisher={Centre de recherches en economie regionale et politique economique}  
}
@book{houde2006,
  title={An empirical investigation of spatial differentiation and price floor regulations in retail markets for gasoline},
  author={Houde, Jean-Fran{\c{c}}ois},
  year={2006}
}
@techreport{levratto2014,
  title={Does firm creation depend on local context? A focus on the neighbouring effects},
  author={Levratto, Nadine and Carr{\'e}, Denis},
  journal = {Working paper},
  year={2014}
}
@article{elhorst2003,
  title={Specification and estimation of spatial panel data models},
  author={Elhorst, J Paul},
  journal={International regional science review},
  volume={26},
  number={3},
  pages={244--268},
  year={2003},
  publisher={Sage Publications}
}
@incollection{elhorst2014,
  title={Spatial panel data models},
  author={Elhorst, J Paul},
  booktitle={Spatial Econometrics},
  pages={37--93},
  year={2014},
  publisher={Springer}
}
@article{wittenberg2015,
  title={Projections of demand for and costs of social care for older people and younger adults in England, 2015 to 2035},
  author={Wittenberg, Raphael and Hu, Bo},
  year={2015},
  journal ={Personal Social Services Research Unit},
  publisher = {University of Kent}
}
@article{dmaisonneuve2013,
  title={A projection method for public health and long-term care expenditures},
  author={De la Maisonneuve, Christine and Oliveira Martins, Joaquim},
  year={2013},
  publisher={OECD Economics Department Working Paper}
}
@book{appleby2013,
  title={Spending on Health and Social Care Over the Next 50 Years: Why Think Long Term?},
  author={Appleby, John},
  year={2013},
  publisher={King's Fund}
}
@report{officepublicbudget2012,
title =  {Economic and  fiscal outlook. Report},
author = {{Office Public Budget}},
year = {2012},
publisher = {Office of Public Budget}
}
@book{wanless2006,
  title={Wanless social care review: securing good care for older people, taking a long-term view},
  author={Wanless, Derek and Forder, Julien and Fern{\'a}ndez, Jos{\'e}-Luis and Poole, Teresa and Beesley, Lucinda and Henwood, Melanie and Moscone, Francesco},
  year={2006},
  publisher={King's Fund}
}
@techreport{gaynor2006,
  title={What do we know about competition and quality in health care markets?},
  author={Gaynor, Martin},
  year={2006},
  institution={National Bureau of Economic Research}
}
@techreport{gaynor2003,
  title={Competition among hospitals},
  author={Gaynor, Martin and Vogt, William B},
  year={2003},
  institution={National Bureau of Economic Research}
}
@article{propper2004,
  title={Does competition between hospitals improve the quality of care?: Hospital death rates and the NHS internal market},
  author={Propper, Carol and Burgess, Simon and Green, Katherine},
  journal={Journal of Public Economics},
  volume={88},
  number={7},
  pages={1247--1272},
  year={2004},
  publisher={Elsevier}
}
@techreport{gaynor2013,
  title={Death by market power: reform, competition and patient outcomes in the National Health Service},
  author={Gaynor, Martin and Moreno-Serra, Rodrigo and Propper, Carol},
  journal = {American Economic Journal: Economic Policy},
  volume={5},
  number={4},
  pages={134 -- 66},
  year={2013},
  publisher = {American Economic Association}  
}
@article{hoff2015,
  title={Current and future challenges of family care in the UK: future of an ageing population. Evidence review: March 2015},
  author={Hoff, Andreas},
  year={2015},
  publisher={Government Office for Science}
}
@article{mentzakis2009,
  title={Who cares and how much: exploring the determinants of co-residential informal care},
  author={Mentzakis, Emmanouil and McNamee, Paul and Ryan, Mandy},
  journal={Review of Economics of the Household},
  volume={7},
  number={3},
  pages={283--303},
  year={2009},
  publisher={Springer}
}
@article{pickard2012,
  title={Substitution between formal and informal care: a ânatural experimentâin social policy in Britain between 1985 and 2000},
  author={Pickard, Linda},
  journal={Ageing and Society},
  volume={32},
  number={07},
  pages={1147--1175},
  year={2012},
  publisher={Cambridge Univ Press}
}
@book{netten2005,
  title={Understanding public services and care markets},
  author={Netten, Ann and Darton, Robin and Davey, Vanessa and Kendall, Jeremy and Knapp, Martin and Williams, Jacquetta and Fern{\'a}ndez, Jos{\'e} Luis and Forder, Julien},
  year={2005},
  publisher={King's Fund London}
}
@article{gaughan2015,
  title={Testing the Bed-Blocking Hypothesis: Does Nursing and Care Home Supply Reduce Delayed Hospital Discharges?},
  author={Gaughan, James and Gravelle, Hugh and Siciliani, Luigi},
  journal={Health economics},
  volume={24},
  number={S1},
  pages={32--44},
  year={2015},
  publisher={Wiley Online Library}
}
@article{basker2009,
  title={The evolving food chain: competitive effects of Wal-Mart's entry into the supermarket industry},
  author={Basker, Emek and Noel, Michael},
  journal={Journal of Economics \& Management Strategy},
  volume={18},
  number={4},
  pages={977--1009},
  year={2009},
  publisher={Wiley Online Library}
}
@misc{carter2016,
  title={Operational Productivity and Performance in English NHS Acute Hospitals: Unwarranted Variations An Independent Report for the Department of Health by Lord Carter of Coles},
  author={Carter, LC},
  year={2016},
  publisher={The Stationery Office: London}
}
@article{gravelle2014,
  title={Does a hospital's quality depend on the quality of other hospitals? A spatial econometrics approach},
  author={Gravelle, Hugh and Santos, Rita and Siciliani, Luigi},
  journal={Regional science and urban economics},
  volume={49},
  pages={203--216},
  year={2014},
  publisher={Elsevier}
}
@incollection{symanzik2014,
  title={Exploratory Spatial Data Analysis},
  author={Symanzik, J{\"u}rgen},
  booktitle={Handbook of Regional Science},
  pages={1295--1310},
  year={2014},
  publisher={Springer}
}
@incollection{haining2014,
  title={Spatial Data and Statistical Methods: A Chronological Review},
  author={Hanning, Robert},
  booktitle={Handbook of Regional Science},
  pages={1277--1294},
  year={2014},
  publisher={Springer}
}
@article{anselin1996,
  title={The Moran Scatter Plot as a Spatial Analytic Tool},
  author={Anselin, L},
  journal={Spatial Analytical Perspectives on GIS. London: Taylor \& Francis Publishers},
  year={1996}
}
@online{darribas_gds15,
  author = {Dani Arribas-Bel},
  title = {Geographic Data Science'15},
  year = 2016,
  url = {http://darribas.org/gds15},
  urldate = {2016-02-19}
  doi = {10.5281/zenodo.46313}
}
@article{moran1950,
  title={A test for the serial independence of residuals},
  author={Moran, Patrick AP},
  journal={Biometrika},
  volume={37},
  number={1/2},
  pages={178--181},
  year={1950},
  publisher={JSTOR}
}
@article{anselin1995,
  title={Local indicators of spatial associationâLISA},
  author={Anselin, Luc},
  journal={Geographical analysis},
  volume={27},
  number={2},
  pages={93--115},
  year={1995},
  publisher={Wiley Online Library}
}
@article{fernandez2015,
  title={Local Variability in Long-Term Care Services: Local Autonomy, Exogenous Influences and Policy Spillovers},
  author={Fernandez, Jos{\'e}-Luis and Forder, Julien},
  journal={Health economics},
  volume={24},
  number={S1},
  pages={146--157},
  year={2015},
  publisher={Wiley Online Library}
}
@article{muller2012,
  title={The Construction of a Low-Cost Airline Network--Facing Competition and Exploring New Markets},
  author={M{\"u}ller, Kathrin and H{\"u}schelrath, Kai and Bilotkach, Volodymyr},
  journal={Managerial and Decision Economics},
  volume={33},
  number={7-8},
  pages={485--499},
  year={2012},
  publisher={Wiley Online Library}
}
@article{fuentelsaz2002,
  title={Followers' entry timing: evidence from the Spanish banking sector after deregulation},
  author={Fuentelsaz, Lucio and Gomez, Jaime and Polo, Yolanda},
  journal={Strategic Management Journal},
  volume={23},
  number={3},
  pages={245--264},
  year={2002},
  publisher={Wiley Online Library}
}
@article{haveman2000,
  title={Competition in multiple geographic markets: The impact on growth and market entry},
  author={Haveman, Heather A and Nonnemaker, Lynn},
  journal={Administrative Science Quarterly},
  volume={45},
  number={2},
  pages={232--267},
  year={2000},
  publisher={SAGE Publications}
}
@article{campbell2015,
  title={Investing in Care Homes},
  author={Campbell, Rachel},
  journal={British Property Federation},
  year={2015},
  publisher={British Property Federation}
}
@article{forder2004,
  title={Prices, contracts and motivations: institutional arrangements in domiciliary care},
  author={Forder, Julien and Knapp, Martin and Hardy, Brian and Kendall, Jeremy and Matosevic, Tihana and Ware, Patricia},
  journal={Policy \& Politics},
  volume={32},
  number={2},
  pages={207--222},
  year={2004},
  publisher={Policy Press}
}
