@misc{chamberlain1950,
  title={77ie Theory of Monopolistic Competition},
  author={Chamberlain, EH},
  year={1950},
  publisher={Harvard}
}

@article{hilber2016,
  title={The impact of supply constraints on house prices in England},
  author={Hilber, Christian AL and Vermeulen, Wouter},
  journal={The Economic Journal},
  volume={126},
  number={591},
  pages={358--405},
  year={2016}
}

@article{saiz2010,
  title={The geographic determinants of housing supply},
  author={Saiz, Albert},
  journal={quarterly Journal of Economics},
  volume={125},
  number={3},
  year={2010},
  publisher={JSTOR}
}

@article{gyourko2008,
  title={A new measure of the local regulatory environment for housing markets: The Wharton Residential Land Use Regulatory Index},
  author={Gyourko, Joseph and Saiz, Albert and Summers, Anita},
  journal={Urban Studies},
  volume={45},
  number={3},
  pages={693--729},
  year={2008},
  publisher={SAGE Publications}
}

@article{hilber2015,
  title={UK Housing and Planning Policies: the evidence from economic research},
  author={Hilber, Christian AL},
  year={2015},
  publisher={Centre for Economic Performance, The London School of Economics and Political Science}
}

@misc{chamberlain1950,
  title={77ie Theory of Monopolistic Competition},
  author={Chamberlain, EH},
  year={1950},
  publisher={Harvard}
}

